<record><leader>00000cas a2200000 a 4500</leader><controlfield tag="001">30835300</controlfield><controlfield tag="008">940727d19381965iludn ne      0    0eng c</controlfield><datafield ind1=" " ind2=" " tag="010"><subfield code="a">sn 94054469 </subfield></datafield><datafield ind1=" " ind2=" " tag="040"><subfield code="a">NVF</subfield><subfield code="b">eng</subfield><subfield code="c">NVF</subfield><subfield code="d">CVF</subfield><subfield code="d">NVF</subfield><subfield code="d">OCLCQ</subfield><subfield code="d">NVF</subfield><subfield code="d">DLC</subfield><subfield code="d">OCLCF</subfield><subfield code="d">OCLCO</subfield></datafield><datafield ind1="1" ind2=" " tag="029"><subfield code="a">AU@</subfield><subfield code="b">000022578085</subfield></datafield><datafield ind1=" " ind2=" " tag="042"><subfield code="a">pcc</subfield></datafield><datafield ind1=" " ind2=" " tag="043"><subfield code="a">n-us-il</subfield></datafield><datafield ind1="0" ind2=" " tag="130"><subfield code="a">Daily journal (Wheaton, Ill. : Wheaton ed.)</subfield></datafield><datafield ind1="1" ind2="4" tag="245"><subfield code="a">The daily journal.</subfield></datafield><datafield ind1="1" ind2="3" tag="246"><subfield code="a">Daily journal and Wheaton Illinoian</subfield></datafield><datafield ind1="1" ind2=" " tag="246"><subfield code="i">Published as:</subfield><subfield code="a">Wheaton daily journal</subfield><subfield code="f">Aug. 19, 1964-Aug. 19, 1965 and Aug. 21-Sept. 17, 1965.</subfield></datafield><datafield ind1=" " ind2=" " tag="250"><subfield code="a">Wheaton ed.</subfield></datafield><datafield ind1=" " ind2=" " tag="260"><subfield code="a">Wheaton, Ill. :</subfield><subfield code="b">George M. Smith,</subfield><subfield code="c">1938-1965.</subfield></datafield><datafield ind1=" " ind2=" " tag="300"><subfield code="a">v.</subfield></datafield><datafield ind1=" " ind2=" " tag="310"><subfield code="a">Daily (except Saturday and Sunday),</subfield><subfield code="b">June 27, 1960-1965</subfield></datafield><datafield ind1=" " ind2=" " tag="321"><subfield code="a">Daily (except Sunday),</subfield><subfield code="b">Apr. 29, 1938-Aug. 15, 1942</subfield></datafield><datafield ind1=" " ind2=" " tag="321"><subfield code="a">Daily (except Saturday and Sunday),</subfield><subfield code="b">Aug. 17, 1942-Nov. 12, 1953</subfield></datafield><datafield ind1=" " ind2=" " tag="321"><subfield code="a">Daily (except Sunday),</subfield><subfield code="b">Nov. 23, 1953-June 25, 1960</subfield></datafield><datafield ind1="0" ind2=" " tag="362"><subfield code="a">Vol. 28, no. 196 (Apr. 29, 1938)-v. 34, no. 56 (Sept. 17, 1965).</subfield></datafield><datafield ind1=" " ind2=" " tag="500"><subfield code="a">"And Wheaton Illinoian" appears in small type below masthead, Mar. 5, 1946-Feb. 2, 1951.</subfield></datafield><datafield ind1=" " ind2=" " tag="500"><subfield code="a">Issues for May 16-&lt;17, 1949&gt; called: Wheaton ed. Issues for &lt;May 19, 1949&gt;-Feb. 2, 1951 called: City ed.</subfield></datafield><datafield ind1=" " ind2=" " tag="515"><subfield code="a">Suspended Nov. 13-22, 1953.</subfield></datafield><datafield ind1=" " ind2="0" tag="651"><subfield code="a">Wheaton (Ill.)</subfield><subfield code="v">Newspapers.</subfield></datafield><datafield ind1=" " ind2="7" tag="655"><subfield code="a">Newspapers.</subfield><subfield code="2">fast</subfield><subfield code="0">(OCoLC)fst01423814</subfield></datafield><datafield ind1=" " ind2="7" tag="651"><subfield code="a">Illinois</subfield><subfield code="z">Wheaton.</subfield><subfield code="2">fast</subfield><subfield code="0">(OCoLC)fst01216595</subfield></datafield><datafield ind1=" " ind2=" " tag="752"><subfield code="a">United States</subfield><subfield code="b">Illinois</subfield><subfield code="c">DuPage</subfield><subfield code="d">Wheaton.</subfield></datafield><datafield ind1="0" ind2="5" tag="780"><subfield code="t">Wheaton Illinoian</subfield><subfield code="w">(DLC)sn 85034271</subfield><subfield code="w">(OCoLC)12622107</subfield></datafield><datafield ind1="0" ind2="0" tag="785"><subfield code="t">Wheaton edition of the daily journal</subfield><subfield code="w">(DLC)sn 94054472</subfield><subfield code="w">(OCoLC)30835335</subfield></datafield></record>